<record><leader>00000cas a22000007a 4500</leader><controlfield tag="001">11890478</controlfield><controlfield tag="008">850406d18761894ohuwr ne      0    0eng d</controlfield><datafield ind1=" " ind2=" " tag="010"><subfield code="a">sn 85038188 </subfield></datafield><datafield ind1=" " ind2=" " tag="040"><subfield code="a">NPY</subfield><subfield code="b">eng</subfield><subfield code="c">NPY</subfield><subfield code="d">ONP</subfield><subfield code="d">OCLCQ</subfield></datafield><datafield ind1=" " ind2=" " tag="042"><subfield code="a">msc</subfield></datafield><datafield ind1="0" ind2="0" tag="245"><subfield code="a">Meigs County Republican.</subfield></datafield><datafield ind1=" " ind2=" " tag="260"><subfield code="a">Middleport, Meigs County, Ohio :</subfield><subfield code="b">Jos. W. Dumble,</subfield><subfield code="c">1876-1894.</subfield></datafield><datafield ind1=" " ind2=" " tag="300"><subfield code="a">v. :</subfield><subfield code="b">ill. (chiefly advertisements) ;</subfield><subfield code="c">63 cm.</subfield></datafield><datafield ind1=" " ind2=" " tag="310"><subfield code="a">Weekly</subfield></datafield><datafield ind1="0" ind2=" " tag="362"><subfield code="a">Vol. 1, no. 1 (Mar. 15, 1876)-v. 18, no. 52 (Feb. 21, 1894).</subfield></datafield><datafield ind1=" " ind2=" " tag="500"><subfield code="a">Published on Wednesday.</subfield></datafield><datafield ind1=" " ind2=" " tag="500"><subfield code="a">"Republican." Cf. Gutgesell, S. Guide to Ohio newspapers, 1974.</subfield></datafield><datafield ind1=" " ind2=" " tag="500"><subfield code="a">Editor: J.W. Dumble, 1876-1894.</subfield></datafield><datafield ind1="1" ind2=" " tag="700"><subfield code="a">Dumble, Joseph W.</subfield></datafield><datafield ind1=" " ind2=" " tag="752"><subfield code="a">United States</subfield><subfield code="b">Ohio</subfield><subfield code="c">Meigs</subfield><subfield code="d">Middleport.</subfield></datafield><datafield ind1="0" ind2="0" tag="780"><subfield code="t">Meigs County news</subfield><subfield code="w">(DLC)sn 85038187</subfield></datafield><datafield ind1="0" ind2="7" tag="785"><subfield code="t">Herald (Middleport, Ohio)</subfield><subfield code="w">(DLC)sn 87075178</subfield></datafield><datafield ind1="0" ind2="7" tag="785"><subfield code="t">Republican-herald (Middleport, Ohio)</subfield><subfield code="w">(DLC)sn 87075181</subfield></datafield><datafield ind1="1" ind2=" " tag="029"><subfield code="a">AU@</subfield><subfield code="b">000025791271</subfield></datafield></record>